@article{liptonwriting,
  author  = {Zachary C. Lipton}, 
  title   = {Heuristics for Scientific Writing (a Machine Learning Perspective)},
  journal = {Approximately Correct},
  year    = 2018
}

@inproceedings{sanjoymixgauss,
	author = {Dasgupta, Sanjoy},
	title = {Learning Mixtures of Gaussians},
	year = {1999},
	isbn = {0769504094},
	publisher = {IEEE Computer Society},
	address = {USA},
	pages = {634},
	keywords = {dimensionality reduction, mixture model, Gaussian},
	series = {FOCS '99}
}

@article{improvingscientificwriting,
	author = {Frederic D. Bushman},
	title = {Improving your scientific writing: a short guide},
	year = {2012}
}